@article{1-1, 
author={Hazim Shakhatreh and Ahmad H. Sawalmeh and Ala Al-Fuqaha and Zuochao Dou and Eyad Almaita and Issa Khalil and Noor Shamsiah Othman and Abdallah Khreishah and Mohsen Guizani}, 
title={{Unmanned Aerial Vehicles (UAVs): A Survey on Civil Applications and Key Research Challenges}}, 
journal={IEEE Access}, 
year={2019}, 
volume={7}, 
number={}, 
pages={48572-48634}, 
doi={10.1109/ACCESS.2019.2909530}
}

@article{1-2, 
author={M. Koeva and M. Muneza and C. Gevaert and M. Gerke and F. Nex}, 
title={{Using UAVs for Map Creation and Updating. A Case Study in Rwanda}}, 
journal={Survey Review}, 
year={2018}, 
volume={50}, 
number={361}, 
pages={312-325}, 
doi={10.1080/00396265.2016.1268756}
}

@article{1-3, 
author={S. Sudhakar and V. Vijayakumar and C. Sathiya Kumar and V. Priya, Logesh Ravi and V. Subramaniyaswamy}, 
title={{Unmanned Aerial Vehicle (UAV) Based Forest Fire Detection and Monitoring for Reducing False Alarms in Forest Fires}}, 
journal={Computer Communications}, 
year={2020}, 
volume={149}, 
pages={1-16}, 
issn={0140-3664}, 
doi={https://doi.org/10.1016/j.comcom.2019.10.007}
}

@article{1-4, 
author={Ignacio Martinez-Alpiste and Gelayol Golcarenarenji and Qi Wang and Jose Maria Alcaraz-Calero}, 
title={{Search and Rescue Operation Using UAVs: A Case Study}}, 
journal={Expert Systems with Applications}, 
year={2021}, 
volume={178}, 
pages={114937}, 
issn={0957-4174}, 
doi={https://doi.org/10.1016/j.eswa.2021.114937}
}

@incollection{1-5, 
author={Osama M. Bushnaq and Debashisha Mishra and Enrico Natalizio and Ian F. Akyildiz}, 
title={{Chapter 9 - Unmanned Aerial Vehicles (UAVs) for Disaster Management}}, 
editor={Adil Denizli and Marcelo S. Alencar and Tuan Anh Nguyen and David E. Motaung}, 
booktitle={Nanotechnology-Based Smart Remote Sensing Networks for Disaster Prevention}, 
publisher={Elsevier}, 
series={Micro and Nano Technologies}, 
year={2022}, 
pages={159-188}, 
isbn={978-0-323-91166-5}, 
doi={https://doi.org/10.1016/B978-0-323-91166-5.00013-6}
}

@inproceedings{1-6, 
author={Aryo Wiman Nur Ibrahim and Pang Wee Ching and G.L. Gerald Seet and W.S. Michael Lau and Witold Czajewski}, 
title={{Moving Objects Detection and Tracking Framework for UAV-based Surveillance}}, 
booktitle={2010 Fourth Pacific-Rim Symposium on Image and Video Technology}, 
year={2010}, 
volume={}, 
number={}, 
pages={456-461}, 
doi={10.1109/PSIVT.2010.83}
}

@inproceedings{1-7, 
author={Naqqash Dilshad and JaeYoung Hwang and JaeSeung Song and NakMyoung Sung}, 
title={{Applications and Challenges in Video Surveillance via Drone: A Brief Survey}}, 
booktitle={2020 International Conference on Information and Communication Technology Convergence (ICTC)}, 
year={2020}, 
volume={}, 
number={}, 
pages={728-732}, 
doi={10.1109/ICTC49870.2020.9289536}
}

@misc{1-8, 
author={Ross Girshick and Jeff Donahue and Trevor Darrell and Jitendra Malik}, 
title={{Rich Feature Hierarchies for Accurate Object Detection and Semantic Segmentation}}, 
year={2014}, 
archivePrefix={arXiv}, 
primaryClass={cs.CV}, 
url={https://arxiv.org/abs/1311.2524}
}

@inproceedings{1-9, 
author={Ross Girshick}, 
title={{Fast R-CNN}}, 
booktitle={2015 IEEE International Conference on Computer Vision (ICCV)}, 
year={2015}, 
volume={}, 
number={}, 
pages={1440-1448}, 
doi={10.1109/ICCV.2015.169}
}

@misc{1-10, 
author={Shaoqing Ren and Kaiming He and Ross Girshick and Jian Sun}, 
title={{Faster R-CNN: Towards Real-Time Object Detection with Region Proposal Networks}}, 
year={2016}, 
archivePrefix={arXiv}, 
primaryClass={cs.CV}, 
url={https://arxiv.org/abs/1506.01497}
}

@misc{1-11, 
author={Kaiming He and Georgia Gkioxari and Piotr Dollar and Ross Girshick}, 
title={{Mask R-CNN}}, 
year={2018}, 
archivePrefix={arXiv}, 
primaryClass={cs.CV}, 
url={https://arxiv.org/abs/1703.06870}
}

@misc{1-12, 
author={Xinlei Chen and Ross Girshick and Kaiming He and Piotr Dollar}, 
title={{TensorMask: A Foundation for Dense Object Segmentation}}, 
year={2019}, 
archivePrefix={arXiv}, 
primaryClass={cs.CV}, 
url={https://arxiv.org/abs/1903.12174}
}

@misc{1-13, 
author={Tsung-Yi Lin and Priya Goyal and Ross Girshick and Kaiming He and Piotr Dollar}, 
title={{Focal Loss for Dense Object Detection}}, 
year={2018}, 
archivePrefix={arXiv}, 
primaryClass={cs.CV}, 
url={https://arxiv.org/abs/1708.02002}
}

@misc{1-14, 
author={Joseph Redmon and Santosh Divvala and Ross Girshick and Ali Farhadi}, 
title={{You Only Look Once: Unified, Real-Time Object Detection}}, 
year={2016}, 
archivePrefix={arXiv}, 
primaryClass={cs.CV}, 
url={https://arxiv.org/abs/1506.02640}
}

@inproceedings{1-15, 
author={Alex Bewley and Zongyuan Ge and Lionel Ott and Fabio Ramos and Ben Upcroft}, 
title={{Simple Online and Real-Time Tracking}}, 
booktitle={2016 {IEEE} International Conference on Image Processing ({ICIP})}, 
publisher={IEEE}, 
year=2016, 
month={sep}, 
doi={10.1109/icip.2016.7533003}
}

@misc{1-16, 
author={Nicolai Wojke and Alex Bewley and Dietrich Paulus}, 
title={{Simple Online and Real-Time Tracking with a Deep Association Metric}}, 
year={2017}, 
archivePrefix={arXiv}, 
primaryClass={cs.CV}, 
url={https://arxiv.org/abs/1703.07402}
}

@misc{1-17, 
author={Peng Chu and Jiang Wang and Quanzeng You and Haibin Ling and Zicheng Liu}, 
title={{TransMOT: Spatial-Temporal Graph Transformer for Multiple Object Tracking}}, 
year={2021}, 
archivePrefix={arXiv}, 
primaryClass={cs.CV}, 
url={https://arxiv.org/abs/2104.00194}
}

@misc{1-18, 
author={Yunhao Du and Zhicheng Zhao and Yang Song and Yanyun Zhao and Fei Su and Tao Gong and Hongying Meng}, 
title={{StrongSORT: Make DeepSORT Great Again}}, 
year={2023}, 
archivePrefix={arXiv}, 
primaryClass={cs.CV}, 
url={https://arxiv.org/abs/2202.13514}
}

@misc{1-19, 
author={Yifu Zhang and Peize Sun and Yi Jiang and Dongdong Yu and Fucheng Weng and Zehuan Yuan and Ping Luo and Wenyu Liu and Xinggang Wang}, 
title={{ByteTrack: Multi-Object Tracking by Associating Every Detection Box}}, 
year={2022}, 
archivePrefix={arXiv}, 
primaryClass={cs.CV}, 
url={https://arxiv.org/abs/2110.06864}
}

@article{1-20, 
author={Liana Ellen Taylor and Midriem Mirdanies and Roni Permana Saputra}, 
title={{Optimized Object Tracking Technique Using Kalman Filter}}, 
journal={Journal of Mechatronics, Electrical Power, and Vehicular Technology}, 
publisher={Indonesian Institute of Sciences}, 
year=2016, 
month={jul}, 
volume={7}, 
number={1}, 
pages={57--66}, 
doi={10.14203/j.mev.2016.v7.57-66}
}

@inproceedings{1-21, 
author={Md. Zahidul Islam and Chi-min Oh and Chil-Woo Lee}, 
title={{Real-Time Moving Object Tracking by Particle Filter}}, 
booktitle={International Symposium on Computer Science and its Applications}, 
year={2008}, 
volume={}, 
number={}, 
pages={347-352}, 
doi={10.1109/CSA.2008.57}
}

@misc{1-22, 
author={Paul Voigtlaender and Michael Krause and Aljosa Osep and Jonathon Luiten and Berin Balachandar Gnana Sekar and Andreas Geiger and Bastian Leibe}, 
title={{MOTS: Multi-Object Tracking and Segmentation}}, 
year={2019}, 
archivePrefix={arXiv}, 
primaryClass={cs.CV}, 
url={https://arxiv.org/abs/1902.03604}
}

@inproceedings{2-1, 
author={M. Karthi and V. Muthulakshmi and R. Priscilla and P. Praveen and K. Vanisri}, 
title={{Evolution of YOLOv5 Algorithm for Object Detection: Automated Detection of Library Books and Performance Validation of Dataset}}, 
booktitle={2021 International Conference on Innovative Computing, Intelligent Communication and Smart Electrical Systems (ICSES)}, 
year={2021}, 
volume={}, 
number={}, 
pages={1-6}, 
doi={10.1109/ICSES52305.2021.9633834}
}

@article{2-2, 
author={Pengfei Zhu and Longyin Wen and Dawei Du and Xiao Bian and Heng Fan and Qinghua Hu and Haibin Ling}, 
title={{Detection and Tracking Meet Drones Challenge}}, 
journal={IEEE Transactions on Pattern Analysis and Machine Intelligence}, 
year={2021}, 
volume={}, 
number={}, 
pages={1-1}, 
doi={10.1109/TPAMI.2021.3119563}
}

@misc{2-3, 
author={Pengfei Zhu and Longyin Wen and Xiao Bian and Haibin Ling and Qinghua Hu}, 
title={{Vision Meets Drones: A Challenge}}, 
year={2018}, 
archivePrefix={arXiv}, 
primaryClass={cs.CV}, 
url={https://arxiv.org/abs/1804.07437}
}

@misc{2-4, 
author={IEEE/CVF}, 
title={{Conference on Computer Vision and Pattern Recognition (CVPR)}}, 
year={2018}, 
url={https://ieeexplore.ieee.org/xpl/conhome/8576498/proceeding}
}

@misc{2-5, 
author={Yunhao Du and Zhicheng Zhao and Yang Song and Yanyun Zhao and Fei Su and Tao Gong and Hongying Meng}, 
title={{StrongSORT: Make DeepSORT Great Again}}, 
year={2023}, 
archivePrefix={arXiv}, 
primaryClass={cs.CV}, 
url={https://arxiv.org/abs/2202.13514}
}

@inproceedings{2-6, 
author={Takayuki Ujiie and Masayuki Hiromoto and Takashi Sato}, 
title={{Interpolation-Based Object Detection Using Motion Vectors for Embedded Real-Time Tracking Systems}}, 
booktitle={{2018 IEEE/CVF Conference on Computer Vision and Pattern Recognition Workshops (CVPRW)}}, 
year={2018}, 
volume={}, 
number={}, 
pages={729-7298}, 
doi={10.1109/CVPRW.2018.00104}
}

@misc{2-7, 
author={Julian Krebs and Herve Delingette and Nicholas Ayache and Tommaso Mansi}, 
title={{Learning a Generative Motion Model from Image Sequences Based on a Latent Motion Matrix}}, 
year={2021}, 
archivePrefix={arXiv}, 
primaryClass={cs.CV}, 
url={https://arxiv.org/abs/2011.01741}
}

@misc{4-1, 
author={Bowen Li and Changhong Fu and Fangqiang Ding and Junjie Ye and Fuling Lin}, 
title={{All-Day Object Tracking for Unmanned Aerial Vehicle}}, 
year={2021}, 
archivePrefix={arXiv}, 
primaryClass={cs.CV}, 
url={https://arxiv.org/abs/2101.08446}
}

@misc{4-2,
author={Dawei Du and Yuankai Qi and Hongyang Yu and Yifan Yang and Kaiwen Duan and Guorong Li and Weigang Zhang and Qingming Huang and Qi Tian}, 
title={{The Unmanned Aerial Vehicle Benchmark: Object Detection and Tracking}}, 
year={2018}, 
archivePrefix={arXiv}, 
primaryClass={cs.CV}, 
url={https://arxiv.org/abs/1804.00518}
}

@misc{5-1, 
author={Joseph Redmon and Ali Farhadi}, 
title={{YOLO9000: Better, Faster, Stronger}}, 
year={2016}, 
eprint={1612.08242}, 
archivePrefix={arXiv}, 
primaryClass={cs.CV}, 
url={https://arxiv.org/abs/1612.08242}
}

@misc{5-2, 
author={Joseph Redmon and Ali Farhadi}, 
title={{YOLOv3: An Incremental Improvement}}, 
year={2018}, 
eprint={1804.02767}, 
archivePrefix={arXiv}, 
primaryClass={cs.CV}, 
url={https://arxiv.org/abs/1804.02767}
}

@misc{5-3, 
author={Alexey Bochkovskiy and Chien-Yao Wang and Hong-Yuan Mark Liao}, 
title={{YOLOv4: Optimal Speed and Accuracy of Object Detection}}, 
year={2020}, 
eprint={2004.10934}, 
archivePrefix={arXiv}, 
primaryClass={cs.CV}, 
url={https://arxiv.org/abs/2004.10934}
}

@misc{5-4, 
author={Cherifi Imane},
title={{YOLOv5 Model Architecture}},
year={2021},
url={https://iq.opengenus.org/yolov5/},
}

@misc{6-1, 
author = {Haitong Lou and Xuehu Duan and Junmei Guo and Haiying Liu and Jason Gu and Lingyun Bi and Haonan Chen}, 
title = {{DC-YOLOv8: Small Size Object Detection Algorithm Based on Camera Sensor}}, 
journal={}, 
year = {2023}, 
month = {04}, 
pages = {}, 
doi = {10.20944/preprints202304.0124.v1}
}

@misc{6-2, 
author={Daniel Bolya and Chong Zhou and Fanyi Xiao and Yong Jae Lee}, 
title={{YOLACT: Real-Time Instance Segmentation}}, 
year={2019}, 
eprint={1904.02689}, 
archivePrefix={arXiv}, 
primaryClass={cs.CV}, 
url={https://arxiv.org/abs/1904.02689}
}

@misc{6-3, 
author={Yue Wu and Yinpeng Chen and Lu Yuan and Zicheng Liu and Lijuan Wang and Hongzhi Li and Yun Fu}, 
title={{Rethinking Classification and Localization for Object Detection}}, 
year={2020}, 
eprint={1904.06493}, 
archivePrefix={arXiv}, 
primaryClass={cs.CV}, 
url={https://arxiv.org/abs/1904.06493}
}

@misc{6-4, 
author={Yuhang Cao and Kai Chen and Chen Change Loy and Dahua Lin}, 
title={{Prime Sample Attention in Object Detection}}, 
year={2019}, 
eprint={1904.04821}, 
archivePrefix={arXiv}, 
primaryClass={cs.CV}, 
url={https://arxiv.org/abs/1904.04821}
}

@misc{6-5, 
author={Haoyang Zhang and Ying Wang and Feras Dayoub and Niko Sünderhauf}, 
title={{VarifocalNet: An IoU-Aware Dense Object Detector}}, 
year={2021}, 
eprint={2008.13367}, 
archivePrefix={arXiv}, 
primaryClass={cs.CV}, 
url={https://arxiv.org/abs/2008.13367}
}

@misc{6-6, 
author={Chien-Yao Wang and Alexey Bochkovskiy and Hong-Yuan Mark Liao}, 
title={{YOLOv7: Trainable Bag-of-Freebies Sets New State-of-the-Art for Real-Time Object Detectors}}, 
year={2022}, 
eprint={2207.02696}, 
archivePrefix={arXiv}, 
primaryClass={cs.CV}, 
url={https://arxiv.org/abs/2207.02696}
}

@article{6-7, 
author = {Zuopeng Zhao and Chen He and Guangming Zhao and Jie Zhou and Kai Hao}, 
title = {{RA-YOLOX: Re-Parameterization Align Decoupled Head and Novel Label Assignment Scheme Based on YOLOX}}, 
journal = {Pattern Recognition}, 
volume = {140}, 
pages = {109579}, 
year = {2023}, 
issn = {0031-3203}, 
doi = {https://doi.org/10.1016/j.patcog.2023.109579}
}

@misc{6-8,
author={Nir Aharon},
title={{BoT-SORT}},
year={2022},
url={https://github.com/NirAharon/BoT-SORT},
}

@misc{6-9,
author={Yifu Zhang},
title={{ByteTrack}},
year={2022},
url={https://github.com/ifzhang/ByteTrack},
}

@misc{7-1, 
author={Zheng Ge and Songtao Liu and Feng Wang and Zeming Li and Jian Sun}, 
title={{YOLOX: Exceeding YOLO Series in 2021}}, 
year={2021}, 
archivePrefix={arXiv}, 
primaryClass={cs.CV}, 
url={https://arxiv.org/abs/2107.08430}
}

@article{7-2, 
author={Hao Luo and Wei Jiang and Youzhi Gu and Fuxu Liu and Xingyu Liao and Shenqi Lai and Jianyang Gu}, 
title={{A Strong Baseline and Batch Normalization Neck for Deep Person Re-Identification}}, 
journal={{IEEE} Transactions on Multimedia}, 
publisher={Institute of Electrical and Electronics Engineers ({IEEE})}, 
year=2020, 
month={oct}, 
volume={22}, 
number={10}, 
pages={2597--2609}, 
doi={10.1109/tmm.2019.2958756}
}

@misc{7-3, 
author={Yunhao Du and Junfeng Wan and Yanyun Zhao and Binyu Zhang and Zhihang Tong and Junhao Dong}, 
title={{GIAOTracker: A Comprehensive Framework for MCMOT with Global Information and Optimizing Strategies in VisDrone 2021}}, 
year={2022}, 
eprint={2202.11983}, 
archivePrefix={arXiv}, 
primaryClass={cs.CV}, 
url={https://arxiv.org/abs/2202.11983}
}

@article{7-4, 
author={Frank Klinker}, 
title={{Exponential Moving Average Versus Moving Exponential Average}}, 
journal={Mathematische Semesterberichte}, 
publisher={Springer Science and Business Media {LLC}}, 
year=2010, 
month={dec}, 
volume={58}, 
number={1}, 
pages={97--107}, 
doi={10.1007/s00591-010-0080-8}
}

@article{7-5, 
author={Georgios D. Evangelidis and Emmanouil Z. Psarakis}, 
title={{Parametric Image Alignment Using Enhanced Correlation Coefficient Maximization}}, 
journal={IEEE Transactions on Pattern Analysis and Machine Intelligence}, 
year={2008}, 
volume={30}, 
number={10}, 
pages={1858-1865}, 
doi={10.1109/TPAMI.2008.113}
}

@misc{7-6, 
author={Pavel Tokmakov and Jie Li and Wolfram Burgard and Adrien Gaidon}, 
title={{Learning to Track with Object Permanence}}, 
year={2021}, 
eprint={2103.14258}, 
archivePrefix={arXiv}, 
primaryClass={cs.CV}, 
url={https://arxiv.org/abs/2103.14258}
}

@inproceedings{7-7, 
author={Hongshen Zhao and Junyong Zhai}, 
title={{A Cascade Matching Algorithm for Multi-Object Tracking Systems Based on Detection Box Scores}}, 
booktitle={Proceedings of 2022 Chinese Intelligent Systems Conference}, publisher={Springer Nature Singapore}, 
year={2022}, 
pages={854-862}, 
isbn={978-981-19-6203-5}
}

@inproceedings{8-1, 
author={Christopher Williams and Carl Rasmussen}, 
title={{Gaussian Processes for Regression}}, 
booktitle={Advances in Neural Information Processing Systems}, 
editor={D. Touretzky and M.C. Mozer and M. Hasselmo}, 
pages={}, 
publisher={MIT Press}, 
volume={8}, 
year={1995}
}

@misc{9-1, 
author={Kemal Oksuz and Baris Can Cam and Sinan Kalkan and Emre Akbas}, 
title={{Imbalance Problems in Object Detection: A Review}}, 
year={2020}, 
eprint={1909.00169}, 
archivePrefix={arXiv}, 
primaryClass={cs.CV}, 
url={https://arxiv.org/abs/1909.00169}
}

@article{9-2, 
author={N. V. Chawla and K. W. Bowyer and L. O. Hall and W. P. Kegelmeyer}, 
title={{SMOTE: Synthetic Minority Over-Sampling Technique}}, 
journal={{Journal of Artificial Intelligence Research}}, 
year=2002, 
month={jun}, 
publisher={{AI Access Foundation}}, 
volume={16}, 
pages={321--357}, 
doi={10.1613/jair.953}, 
url={https://arxiv.org/abs/1106.1813}
}

@article{9-3, 
author={Peter Gnip and Liberios Vokorokos and Peter Drotar}, 
title={{Selective Oversampling Approach for Strongly Imbalanced Data}}, 
year = {2021}, 
month = {06}, 
pages = {e604}, 
volume = {7}, 
journal = {PeerJ Computer Science}, 
doi = {10.7717/peerj-cs.604}
}

@misc{13-1,
author={Ultralytics},
title={{YOLOv8 Tracking}},
year={},
url={https://docs.ultralytics.com/modes/track/},
}

@inproceedings{14-1, 
author={Guanlin Chen and Wenguan Wang and Zhijian He and Lujia Wang and Yixuan Yuan and Dingwen Zhang and Jinglin Zhang}, 
title={{VisDrone-MOT2021: The Vision Meets Drone Multiple Object Tracking Challenge Results}}, 
booktitle={{2021 IEEE/CVF International Conference on Computer Vision Workshops (ICCVW)}}, 
year={2021}, 
volume={}, 
number={}, 
pages={2839-2846}, 
doi={10.1109/ICCVW54120.2021.00318}
}

@inproceedings{14-2, 
author={Guanshuo Wang and Yufeng Yuan and Xiong Chen and Jiwei Li and Xi Zhou}, 
title={{Learning Discriminative Features with Multiple Granularities for Person Re-Identification}}, 
publisher={{ACM}}, 
booktitle={{Proceedings of the 26th ACM International Conference on Multimedia}}, 
year=2018, 
month={oct}, 
doi={10.1145/3240508.3240552}
}

@misc{14-3, 
author={Siyuan Qiao and Liang-Chieh Chen and Alan Yuille}, 
title={{DetectoRS: Detecting Objects with Recursive Feature Pyramid and Switchable Atrous Convolution}}, 
year={2020}, 
eprint={2006.02334}, 
archivePrefix={arXiv}, 
primaryClass={cs.CV}, 
url={https://arxiv.org/abs/2006.02334}
}

@misc{14-4, 
author={Kaiyang Zhou and Yongxin Yang and Andrea Cavallaro and Tao Xiang}, 
title={{Omni-Scale Feature Learning for Person Re-Identification}},  
year={2019}, 
eprint={1905.00953}, 
archivePrefix={arXiv}, 
primaryClass={cs.CV}, 
url={https://arxiv.org/abs/1905.00953}
}

@misc{14-5, 
author={Xingyi Zhou and Vladlen Koltun and Philipp Krahenbuhl}, 
title={{Tracking Objects as Points}}, 
year={2020}, 
eprint={2004.01177}, 
archivePrefix={arXiv}, 
primaryClass={cs.CV}, 
url={https://arxiv.org/abs/2004.01177}
}

@inproceedings{14-6, 
author={Erik Bochinski and Tobias Senst and Thomas Sikora}, 
title={{Extending IoU Based Multi-Object Tracking by Visual Information}}, 
booktitle={{2018 15th IEEE International Conference on Advanced Video and Signal Based Surveillance (AVSS)}}, 
year={2018}, 
volume={}, 
number={}, 
pages={1-6}, 
doi={10.1109/AVSS.2018.8639144}
}

@misc{14-7, 
author={Erdogan Taskesen}, 
title={{HNet: Graphical Hypergeometric Networks}}, 
year={2020}, 
eprint={2005.04679}, 
archivePrefix={arXiv}, 
primaryClass={cs.LG}, 
url={https://arxiv.org/abs/2005.04679}
}

@inproceedings{16-1, 
author={Trevor Montcalm and Bubaker Boufama}, 
title={{Object Inter-Camera Tracking with Non-Overlapping Views: A New Dynamic Approach}}, 
booktitle={2010 Canadian Conference on Computer and Robot Vision}, 
year={2010}, 
volume={}, 
number={}, 
pages={354-361}, 
doi={10.1109/CRV.2010.53}
}

@inproceedings{16-2, 
author={Niven Sie Jun Liang and Sutthiphong Srigrarom}, 
title={{Multi-Camera Multi-Target Drone Tracking Systems with Trajectory-Based Target Matching and Re-Identification}}, 
booktitle={2021 International Conference on Unmanned Aircraft Systems (ICUAS)}, 
year={2021}, 
volume={}, 
number={}, 
pages={1337-1344}, 
doi={10.1109/ICUAS51884.2021.9476845}
}
